<?xml version="1.0" encoding="UTF-8"?><record xmlns="http://www.loc.gov/MARC21/slim" xmlns:cinclude="http://apache.org/cocoon/include/1.0" xmlns:zs="http://www.loc.gov/zing/srw/">
  <leader>00404cz  a2200121n  4500</leader>
  <controlfield tag="001">n  91086469 </controlfield>
  <controlfield tag="003">DLC</controlfield>
  <controlfield tag="005">19910905144049.8</controlfield>
  <controlfield tag="008">910827n| acannaab|          |n aaa |||  </controlfield>
  <datafield tag="010" ind1=" " ind2=" ">
    <subfield code="a">n  91086469 </subfield>
  </datafield>
  <datafield tag="040" ind1=" " ind2=" ">
    <subfield code="a">DLC</subfield>
    <subfield code="c">DLC</subfield>
    <subfield code="d">DLC</subfield>
  </datafield>
  <datafield tag="100" ind1="1" ind2="0">
    <subfield code="a">Adams, Waldo L.</subfield>
  </datafield>
  <datafield tag="670" ind1=" " ind2=" ">
    <subfield code="a">Early schools and teachers of Kosciusko County, Indiana, 1990:</subfield>
    <subfield code="b">t.p. (Waldo L. Adams) p. 27 (coach, math, science, Beaver Dam High School, 1919-20)</subfield>
  </datafield>
</record>